@Book{goos07,
  author    = {Goossens, Michel and Mittelbach, Frank and Rahtz, Sebastian and Roeget, Denis and Vo{\ss}, Herbert},
  publisher = {Addison-Wesley Reading, MA},
  title     = {The {\LaTeX{}} graphics companion},
  year      = {2007},
  edition   = {Second},
  isbn      = {9780321508928},
  note      = {{ISBN:} 9780321508928},
  langid    = {spanish},
  language  = {english},
}

@Book{lamport94,
  author    = {Lamport, Leslie},
  publisher = {Addison-Wesley},
  title     = {{\LaTeX}: A document preparation system},
  year      = {1994},
  edition   = {Second},
  isbn      = {978-0201529838},
  month     = jun,
  note      = {{ISBN}: 978-0201529838},
  ean       = {9780201529838},
  langid    = {spanish},
  language  = {english},
  pagetotal = {272},
  url       = {https://www.ebook.de/de/product/3236600/leslie\_lamport\_latex\_a\_document\_preparation\_system.html},
}

@Misc{salido10,
  author       = {Jesús Salido},
  howpublished = {{URL:} \url{http://visilab.etsii.uclm.es/?page\_id=1468}},
  note         = {Último acceso: sep. 2021},
  title        = {Curso: {\LaTeX{}} esencial para preparación de TFG, Tesis y otros documentos académicos},
  year         = {2010},
  langid       = {spanish},
  language     = {spanish},
  organization = {Universidad de Castilla-La Mancha},
  url          = {http://visilab.etsii.uclm.es/?page\_id=1468},
  urldate      = {2017-02-12},
}

@Misc{wikibookLaTex10,
  author       = {WikiMedia},
  howpublished = {{URL:} \url{http://en.wikibooks.org/wiki/LaTeX}},
  note         = {Último acceso: sep. 2021},
  title        = {{\LaTeX{} Wikibook}},
  year         = {2010},
  langid       = {spanish},
  language     = {english},
  url          = {http://en.wikibooks.org/wiki/LaTeX},
  urldate      = {2017-02-02},
}

@Book{cascales03,
  author    = {Cascales, Bernardo and Lucas, Pascual and Mira, José M. and Pallarés, Antonio J. and {Sánchez-Pedreño}, Salvador},
  publisher = {Pearson Education},
  title     = {El libro de {\LaTeX}},
  year      = {2005},
  isbn      = {9788420537795},
  note      = {{ISBN}: 9788420537795},
  langid    = {spanish},
  language  = {spanish},
  location  = {Madrid},
}

@Manual{oetiker14,
  title     = {La introducción no-tan-corta a {\LaTeX2e}},
  author    = {Tobias Oetiker and Hubert Partl and Irene Hyna and Elisabeth Schlegl},
  year      = {2014},
  langid    = {spanish},
  language  = {spanish},
  timestamp = {2021-02-24},
  url       = {http://www.ctan.org/tex-archive/info/lshort/spanish/},
  version   = {5.03},
}

@Book{borbon21,
  author       = {Alexánder Borbón and Walter Mora},
  publisher    = {Instituto Tecnológico de Costa Rica},
  title        = {Edición de textos científicos con {\LaTeX{}}. {C}omposición, diseño editorial, gráficos, {I}nkscape, {T}ikz y presentaciones {B}eamer},
  year         = {2021},
  edition      = {2},
  isbn         = {978-9977-66-227-5},
  date         = {2021},
  langid       = {spanish},
  language     = {spanish},
  origlanguage = {Spanish},
  timestamp    = {2021-04-14},
  url          = {https://tecdigital.tec.ac.cr/revistamatematica/Libros/LaTeX/MoraW\_BorbonA\_LibroLaTeX.pdf},
}

@Misc{zozaya17,
  author       = {Leonor Zozaya},
  howpublished = {Blog disponible en {URL:} \url{http://redaccion.hypotheses.org/}},
  note         = {{ISSN}: 2444-8885},
  title        = {Redacción de textos. Recomendaciones para presentar trabajos académicos},
  year         = {2017},
  langid       = {spanish},
  language     = {spanish},
  timestamp    = {2021-04-08},
  url          = {http://redaccion.hypotheses.org/},
  urldate      = {2019-06-21},
}

@Misc{dawson00,
  author       = {Dawson, Christian W. and Martín, Gregorio},
  howpublished = {{URL:} \url{http://informatica.uv.es/iiguia/2000/IPI/libro.htm}},
  note         = {Último acceso: sep. 2021},
  title        = {El proyecto en ingeniería informática: Una guía para el estudiante},
  year         = {2000},
  date         = {2002},
  editor       = {Universitat de València},
  langid       = {spanish},
  language     = {spanish},
  url          = {http://informatica.uv.es/iiguia/2000/IPI/libro.htm},
  urldate      = {2019-07-15},
}

@Misc{uclm20,
  author       = {{Servicio de publicaciones UCLM}},
  howpublished = {{D}ocumentos elaborados por el {G}rupo de {G}estión del {C}onocimiento y {P}ropiedad {I}ntelectual de la {Universidad de Castilla-La Mancha}. {URL:} \url{https://publicaciones.uclm.es/propiedad-intelectual/}},
  note         = {Último acceso: jun. 2022},
  title        = {Propiedad intelectual},
  editor       = {Universidad de Castilla-La Mancha},
  langid       = {spanish},
  language     = {spanish},
  url          = {https://web.unican.es/buc/Documents/Formacion/guia\_imagenes.pdf},
}

@Book{mittelbach04,
  author    = {Mittelbach, Frank and Goossens, Michel},
  publisher = {Addison},
  title     = {The {\LaTeX{}} companion},
  year      = {2004},
  address   = {Reading, Mass},
  edition   = {Second},
  isbn      = {0-201-36299-6},
  note      = {{ISBN:} 0-201-36299-6},
  langid    = {spanish},
  language  = {english},
  owner     = {Jesus.Salido},
  timestamp = {2021-04-08},
}

@Book{grat07,
  author    = {Grätzer, George A.},
  publisher = {Birkhauser},
  title     = {More math into {\LaTeX}},
  year      = {2007},
  edition   = {Fourth},
  isbn      = {978-3319237954},
  note      = {{ISBN}: 978-3319237954},
  langid    = {spanish},
  language  = {english},
  owner     = {Jesus.Salido},
  timestamp = {2021-04-08},
}

@Book{grat99,
  author    = {Grätzer, George A.},
  publisher = {Springer Verlag},
  title     = {First steps in {\LaTeX}},
  year      = {1999},
  isbn      = {0817641327},
  month     = oct,
  note      = {{ISBN:} 0817641327},
  ean       = {9780817641320},
  langid    = {spanish},
  language  = {english},
  owner     = {Jesus.Salido},
  pagetotal = {131},
  timestamp = {2021-04-08},
  url       = {https://www.ebook.de/de/product/3335783/george\_graetzer\_first\_steps\_in\_latex.html},
}

@Misc{uc3m21,
  author       = {{Universidad Carlos III de Madrid}},
  howpublished = {{URL:} \url{https://uc3m.libguides.com/TFG}},
  note         = {Último acceso: sep-2021},
  title        = {Guía temática del {TFG}},
  year         = {2021},
  date         = {2021-03-15},
  editor       = {{Universidad Carlos III de Madrid}},
  langid       = {spanish},
  language     = {spanish},
  timestamp    = {2021-04-08},
  url          = {https://uc3m.libguides.com/TFG},
  urldate      = {2021-04-08},
}

@Misc{esi19,
  author       = {{Escuela Superior de Informática, Universidad de Castilla-La Mancha}},
  howpublished = {{URL:} \url{https://pruebasaluuclm.sharepoint.com/sites/esicr/tfg/SiteAssets/SitePages/Inicio/20190304-GuiaEstiloFormatoTFG.pdf}},
  month        = mar,
  note         = {Último acceso: sep. 2021},
  title        = {Guía de estilo y formato para {T}rabajos {F}in de {G}rado},
  year         = {2019},
  url          = {https://pruebasaluuclm.sharepoint.com/sites/esicr/tfg/SiteAssets/SitePages/Inicio/20190304-GuiaEstiloFormatoTFG.pdf},
}

@Misc{uoc,
  author       = {{Universitat Oberta de Catalunya}},
  howpublished = {{URL:} \url{https://www.uoc.edu/portal/es/servei-linguistic/redaccio/10-recomanacions/index.html}},
  note         = {Último acceso: sep. 2021},
  title        = {Comunicación eficaz y redacción},
}

@Misc{salido19,
  author       = {Jesús Salido},
  howpublished = {Zenodo, DOI: \url{https://doi.org/10.5281/zenodo.4561708}},
  title        = {{Plantilla LaTeX para Trabajo Fin de Estudios en Ingeniería Informática - UCLM (España)}},
  year         = {2019},
  doi          = {10.5281/zenodo.4561708},
  organization = {Universidad de Castilla-La Mancha},
}

@Misc{unican18,
  author       = {{Universidad de Cantabria}},
  howpublished = {Artículo técnico disponible en {URL:} \url{https://web.unican.es/buc/Documents/Formacion/guia\_imagenes.pdf}},
  note         = {Último acceso: sep. 2021},
  title        = {Cómo usar imágenes en trabajos},
  year         = {2018},
  editor       = {Universidad de Cantabria},
  langid       = {spanish},
  language     = {spanish},
  url          = {https://web.unican.es/buc/Documents/Formacion/guia\_imagenes.pdf},
  urldate      = {2019-07-15},
}

@Article{Vijayasarathy-2016,
  author    = {Leo R. Vijayasarathy and Charles W. Butler},
  journal   = {{IEEE} Software},
  title     = {{Choice of Software Development Methodologies: Do Organizational, Project, and Team Characteristics Matter?}},
  year      = {2016},
  month     = {sep},
  number    = {5},
  pages     = {86--94},
  volume    = {33},
  doi       = {10.1109/ms.2015.26},
  publisher = {Institute of Electrical and Electronics Engineers ({IEEE})},
}

@Misc{PDF-LPDDR4,
  author = {Min Ho Kim},
  journal   = {{CES} 2014},
  title = {{Evolutionary Migration from {LPDDR3} to {LPDDR4}}},
  year = {2013},
  note = {Archivo PDF. Accedido: 28-02-2024},
  howpublished  = { Recurso web: \url{https://www.jedec.org/sites/default/files/Minho\_SK hynix\_CES\_14\_new.pdf}},
  publisher = {{SK Hynix}},
}

@Misc{Lorawan,
  author = {Leonardi, Luca and Battaglia, Filippo and Patti, Gaetano and Bello, Lucia Lo},
  journal = {IECON 2018 - 44th Annual Conference of the IEEE Industrial Electronics Society}, 
  title = {Industrial {LoRa}: A Novel Medium Access Strategy for {LoRa} in Industry 4.0 Applications}, 
  year = {2018},
  pages = {4141--4146},
  doi = {10.1109/IECON.2018.8591568},
  howpublished  = { Recurso web: \url{https://www.jedec.org/sites/default/files/Minho\_SK hynix\_CES\_14\_new.pdf}},
  publisher = {Institute of Electrical and Electronics Engineers ({IEEE})},
}

@Misc{SatellitalLora,
  author = {Echostar Mobile},
  title = {Remote Monitoring of Renewable Energy Sites}, 
  year = {2022},
  month = {May},
  howpublished  = {Página web del recurso: \url{https://www.echostarmobile.com/wp-content/uploads/2022/05/Remote-Monitoring-of-Renewable-Energy-Sites-Echostar-Mobile-Whitepaper-Spanish.pdf}},
  note = {Archivo PDF. Accedido: 27-04-2024},
  publisher = {Echostar Mobile Website},
}

@Misc{LoRaHistory,
  author = {Semtech Corporation Blog},
  title = {A Brief History of LoRa®: Three Inventors Share Their Personal Story at The Things Conference},
  year = {2020},
  month = {January},
  day = {8},
  howpublished  = { Recurso web: \url{https://blog.semtech.com/a-brief-history-of-lora-three-inventors-share-their-personal-story-at-the-things-conference}},
  note = {Accedido: 05-05-2024},
}

@Misc{normativaLora,
  author = {ETSI Europe},
  title = {Final draft ETSI EN 300 220-1 V2.4.1, Electromagnetic compatibility and Radio spectrum Matters (ERM)},
  year = {2012},
  month = {January},
  howpublished  = { Recurso web: \url{https://www.etsi.org/deliver/etsi\_en/300200\_300299/30022001/02.04.01\_40/en\_30022001v020401o.pdf}},
  note = {Accedido: 14-05-2024},
}

@Misc{Chirpstack-Project,
  author = {Orne Brocaar},
  title = {ChirpStack Docker example}, 
  howpublished  = { Recurso web: \url{https://github.com/chirpstack/chirpstack-docker}},
  note = {Repositorio de Github. Accedido: 01-05-2024},
}

@Misc{USB-C,
  author = {Blog de Ibertrónica.es},
  title = {USB Tipo C, ¿Qué es? ¿Cómo afectará al futuro?}, 
  howpublished  = { Recurso web: \url{https://ibertronica.es/blog/actualidad/usbc/}},
  note = {Sitio Web. Accedido: 01-05-2024},
}

@Misc{PolillaOlivo,
  author = {Blog de Syngenta AG},
  title = {LA POLILLA DEL OLIVO}, 
  howpublished  = { Recurso web: \url{https://blog.syngenta.es/polilla-del-olivo/}},
  note = {Sitio Web. Accedido: 04-04-2024},
}
@misc{fotoPolilla,
    author = {Blog de AgroLink, Brasil},
    title = {Traça dos cachos da videira (Lobesia botrana)},
    howpublished  = { Recurso web: \url{https://www.agrolink.com.br/problemas/traca-dos-cachos-da-videira_3069.html}},
    note = {Sitio Web. Accedido: 22-07-2024},
}

@Misc{ReferenciaRPI-1,
  author = {Pedro Santamaría, ElOutput.com},
  title = {Historia de la Raspberry Pi: origen, modelos y curiosidades del mini PC}, 
  howpublished  = { Recurso web: \url{https://eloutput.com/productos/gadgets/raspberry-pi/}},
  note = {Sitio Web. Accedido: 10-04-2024},
}

@Misc{ReferenciaRPI-2,
  author = {José Montes, MuyComputer.com},
  title = {Raspberry Pi vende 30 millones de unidades ¿Qué puedes hacer con este proyecto?},
  year = {2019},
  month = {12},
  day = {16},
  howpublished  = { Recurso web: \url{https://www.muycomputer.com/2019/12/16/raspberry-pi-vende-30-millones-de-unidades/}},
  note = {Sitio Web. Accedido: 10-04-2024},
}

@Misc{PiSupply,
  author = {PiSupply Blog},
  title = {About Us},
  howpublished  = { Recurso web: \url{https://uk.pi-supply.com/pages/about-us}},
  note = {Sitio Web. Accedido: 14-04-2024},
}

@Misc{PiJuice-doc,
  author = {PiSupply Team},
  title = {PiSupply/PiJuice: Resources for PiJuice HAT for Raspberry Pi - use your Pi Anywhere},
  howpublished  = { Recurso web: \url{https://github.com/PiSupply/PiJuice}},
  note = {Repositorio de GitHub. Accedido: 14-04-2024},
}

@INPROCEEDINGS{LoRa-LoRaWAN-esi,
  author={Escolar, Soledad and Rincón, Fernando and del Toro, Xavier and Barba, Jesús and Villanueva, Félix J. and Santofimia, Maria J. and Villa, David and López, Juan C.},
  booktitle={2019 XXXIV Conference on Design of Circuits and Integrated Systems (DCIS)}, 
  title={The PLATINO Experience: A LoRa-based Network of Energy-Harvesting Devices for Smart Farming}, 
  year={2019},
  volume={},
  number={},
  pages={1-6},
  doi={10.1109/DCIS201949030.2019.8959848},
  notes={Accedido: 06-05-2024}
}

@Misc{EnergyHarvesting1,
  author = {Blog Solideo.es},
  title = {¿Qué es el Energy Harvesting?},
  year = {2021},
  month = {01},
  day = {30},
  howpublished  = { Recurso web: \url{https://www.solideo.es/que-es-el-energy-harvesting/}},
  note = {Sitio Web. Accedido: 09-05-2024},
}

@Misc{EnergyHarvesting2,
  author = {María Domínguez},
  title = {¿Qué es Energy Harvesting? Extracción de energía ambiente},
  year = {2022},
  month = {02},
  day = {23},
  howpublished  = { Recurso web: \url{https://www.caloryfrio.com/energias-renovables/que-es-energy-harvesting-energia-ambiental.html}},
  note = {Sitio Web. Accedido: 09-05-2024},
}

@Misc{RPI-Respirador,
  author = {Marco Mascorro},
  title = {pandemic-ventilator-2.0}, 
  howpublished  = { Recurso web: \url{https://github.com/Mascobot/pandemic-ventilator-2.0}},
  note = {Repositorio de Github. Accedido: 14-04-2024},
}

@Misc{powerOffPijuice,
  author = {Usuario de GitHub},
  title = {Complete Power Off}, 
  howpublished  = { Recurso web: \url{https://github.com/PiSupply/PiJuice/issues/159}},
  note = {Portal de issues de PiJuice en Github. Accedido: 16-04-2024},
}

@Misc{electricidadEspana,
  author = {Rosa Fernández},
  title = {Precio medio final de la electricidad España 2010-2022},
  year = {2024},
  month = {03},
  day = {16},
  howpublished  = { Recurso web: \url{https://es.statista.com/estadisticas/993787/precio-medio-final-de-la-electricidad-en-espana/}},
  note = {Statista. Accedido: 19-07-2024},
}

@Misc{statista-iot-2024,
  author = {Rosa Fernández},
  title = {Precio medio final de la electricidad España 2010-2022},
  year = {2024},
  month = {03},
  day = {16},
  howpublished = { Recurso web:
  \url{https://es.statista.com/temas/6976/el-internet-de-las-cosas-iot/#topicOverview}},
  note = {Statista. Accecido: 23-07-2024}
}

@misc{arm1,
    title = {What is an ARM processor?},
    howpublished  = { Recurso web: \url{https://www.redhat.com/en/topics/linux/what-is-arm-processor}},
    author = {Red Hat},
    note = {¿Qué es un procesador ARM?. Accedido 25-07-2024}
}

@misc{arm2,
    title = {Definition of ARM processor},
    howpublished  = { Recurso web: \url{https://www.techtarget.com/whatis/definition/ARM-processor}},
    author = {Robert Sheldon, Stephen J. Bigelow},
    note = {Definición y descripción de un procesador ARM. Accedido 25-07-2024}
}

@misc{xiaomiWatch,
    title = {Página oficial Xiaomi Watch 2},
    howpublished  = { Recurso web: \url{https://www.mi.com/es/product/xiaomi-watch-2/specs}},
    author = {Xiaomi},
    note = {Especificaciones Xiaomi Watch 2. Accedido 28-07-2024}
}

@misc{mercadoSoc,
    title = {System On Chip Market Size, Share And Trends Analysis Report By Type (Digital, Mixed, Analog), By Applications (Home Appliance, ADAS System), By End Use, By Region, And Segment Forecasts, 2024 - 2030},
    howpublished  = { Recurso web: \url{https://www.grandviewresearch.com/industry-analysis/system-on-chip-market-report}},
    author = {Grand View Research},
    note = {Previsiones mercado de System-On-Chip entre 2024-2030. Accedido 29-07-2024}
}

@misc{mercadoArm,
    title = {Cuota de mercado de Arm Holdings en mercados tecnológicos clave en todo el mundo en 2020 y 2022},
    howpublished  = { Recurso web: \url{https://www.statista.com/statistics/1132112/arm-market-share-targets/}},
    author = {Thomas Alsop},
    note = {Cuota de mercado de Arm. Accedido 29-07-2024}
}

@phdthesis{energiaSoc,
    author = {Benmoussa, Yahia},
    school = {Université de Bretagne Occidentale},
    year = {2015},
    month = {06},
    pages = {},
    title = {Performance and Energy Consumption Characterization and Modeling of Video Decoding on Multi-core Heterogenous Mobile SoC and their Applications},
    doi = {10.13140/RG.2.1.4094.0640}
}

@misc{soledadPotencia,
    title = {Components of power consumption},
    howpublished  = { Recurso web: \url{https://semiengineering.com/knowledge_centers/low-power/low-power-design/power-consumption/}},
    author = {Semiconductor Engineering},
    note = {Explicación de la potencia en circuitos integrados. Accedido 05-03-2024}
}

@misc{antoniomateo,
    title = {Caracterización del Consumo Energético en Plataformas IoT para Aplicaciones Intensivas en Cómputo},
    howpublished  = { Recurso web: \url{https://github.com/fluctlights/tfm/blob/8914d17353cd58293e77886459b945ac49fe3d63/Documentos/Biotrampa/Caracterizaci%C3%B3n%20del%20Consumo%20Energ%C3%A9tico%20en%20Plataformas%20IoT%20para%20Aplicaciones%20Intensivas%20en%20C%C3%B3mputo.pdf}},
    author = {Antonio Mateo Francés},
    note = {Explicación de un modelo de energía basado en componentes. Accedido 16-12-2024}
}

@misc{repoTFM,
    title = {Repositorio TFM Antonio Mateo},
    howpublished  = { Recurso web: \url{https://github.com/fluctlights/tfm
}},
    author = {Antonio Mateo},
    note = {Repositorio del TFM de Antonio Mateo Francés. Accedido 29-11-2024}
}

@misc{repoTFM-dhrystone,
    title = {Código fuente Dhrystone},
    howpublished  = { Recurso web: \url{https://github.com/fluctlights/tfm/blob/main/Codigo/Codigo-RPI/Codigo-PRUEBAS/dhrystone.c
}},
    author = {Antonio Mateo},
    note = {Código fuente Dhrystone en el repositorio del TFM. Accedido 24-02-2024}
}

@misc{repoTFM-whetstone,
    title = {Código fuente Whetstone},
    howpublished  = { Recurso web: \url{https://github.com/fluctlights/tfm/blob/main/Codigo/Codigo-RPI/Codigo-PRUEBAS/whetstone.c
}},
    author = {Antonio Mateo},
    note = {Código fuente Whetstone en el repositorio del TFM. Accedido 25-02-2024}
}

@misc{repoTFM-calcpi,
    title = {Código fuente Calcular decimales número Pi},
    howpublished  = { Recurso web: \url{https://github.com/fluctlights/tfm/blob/main/Codigo/Codigo-RPI/Codigo-PRUEBAS/calcular-pi.c
}},
    author = {Antonio Mateo},
    note = {Código fuente Cálculo decimales de Pi, en el repositorio del TFM. Accedido 28-02-2024}
}

@misc{repoTFM-calcprimos,
    title = {Código fuente Calcular números primos},
    howpublished  = { Recurso web: \url{https://github.com/fluctlights/tfm/blob/main/Codigo/Codigo-RPI/Codigo-PRUEBAS/calcular-primos.c
}},
    author = {Antonio Mateo},
    note = {Código fuente Cálculo de números primos, en el repositorio del TFM. Accedido 28-02-2024}
}

@misc{repoTFM-starterfs,
    title = {Código fuente del script para lanzar simulaciones},
    howpublished  = { Recurso web: \url{https://github.com/fluctlights/tfm/blob/main/gem5/configs/example/arm/starter_fs.py
}},
    author = {Antonio Mateo},
    note = {Código fuente del lanzador de simulaciones en el repositorio del TFM. Accedido 28-03-2024}
}

@misc{repoTFM-interfazEjecuciones,
    title = {Código fuente de benchmarks-deploy-gem5.c},
    howpublished  = { Recurso web: \url{https://github.com/fluctlights/tfm/blob/main/Codigo/Codigo-GEM5/Benchmarks/benchmarks_deploy_gem5.c
}},
    author = {Antonio Mateo},
    note = {Código fuente de la interfaz de los benchmarks en Gem5. Accedido 28-03-2024}
}

@misc{repoTFM-interfazEjecuciones2,
    title = {Código fuente de benchmarks-deploy-papi.c},
    howpublished  = { Recurso web: \url{https://github.com/fluctlights/tfm/blob/main/Codigo/Codigo-RPI/Codigo-PAPI/Benchmarks/benchmarks_test.c
}},
    author = {Antonio Mateo},
    note = {Código fuente de la interfaz de los benchmarks en PAPI. Accedido 30-04-2024}
}

@misc{repoTFM-lanzarSimulacion,
    title = {Script launch-simulation.sh},
    howpublished  = { Recurso web: \url{https://github.com/fluctlights/tfm/blob/main/Codigo/Codigo-GEM5/Scripts/launch_simulation.sh
}},
    author = {Antonio Mateo},
    note = {Script Bash del lanzado automático de simulaciones Gem5. Accedido 30-04-2024}
}

@misc{repoTFM-crearCheckpoint,
    title = {Script make-checkpoint.sh},
    howpublished  = { Recurso web: \url{https://github.com/fluctlights/tfm/blob/main/Codigo/Codigo-GEM5/Scripts/make_checkpoint.sh
}},
    author = {Antonio Mateo},
    note = {Script Bash del creador automático de checkpoints en Gem5. Accedido 30-04-2024}
}

@misc{repoTFM-montarImagen,
    title = {Código fuente de mount-gem5-img.sh},
    howpublished  = { Recurso web: \url{https://github.com/fluctlights/tfm/blob/main/Codigo/Codigo-GEM5/Scripts/mount-gem5-img.sh
}},
    author = {Antonio Mateo},
    note = {Script de montado del disco utilizado en Gem5. Accedido 30-04-2024}
}

@misc{repoTFM-desmontarImagen,
    title = {Código fuente de umount-gem5-img.sh},
    howpublished  = { Recurso web: \url{https://github.com/fluctlights/tfm/blob/main/Codigo/Codigo-GEM5/Scripts/umount-gem5-img.sh
}},
    author = {Antonio Mateo},
    note = {Script de desmontado del disco utilizado en Gem5. Accedido 30-04-2024}
}

@misc{repoTFM-abrirTerminal,
    title = {Código fuente de open-terminal.sh},
    howpublished  = { Recurso web: \url{https://github.com/fluctlights/tfm/blob/main/Codigo/Codigo-GEM5/Scripts/open_terminal.sh
}},
    author = {Antonio Mateo},
    note = {Script de apertura de terminal para operar con las simulaciones Gem5. Accedido 30-04-2024}
}

@misc{snapdragon8,
    title = {Snapdragon 8 Gen 3: benchmarks and specs},
    howpublished  = { Recurso web: \url{https://nanoreview.net/en/soc/qualcomm-snapdragon-8-gen-3}},
    author = {NanoReview},
    note = {Especificaciones del Snapdragon 8 Gen 3. Accedido 30-07-2024}
}

@Misc{gem5-github,
  author = {Jason Lowe-Power},
  title = {The official repository for the gem5 computer-system architecture simulator},
  year = {2020},
  month = {01},
  day = {01},
  howpublished = { Recurso web:
  \url{https://github.com/gem5/gem5}},
  note = {Repositorio de GitHub. Accecido: 25-07-2024}
}





@misc{rae-metodologia,
    title = {Definición de metodología},
    howpublished  = { Recurso web: \url{https://dle.rae.es/metodología}},
    author = {Real Academia Española},
    note = {Página web de la Real Academia Española. Accedido 24-05-2024}
}

@Book{libro-PUD,
  author = {Jacobson, Booch, Rumbaugh},
  publisher = {Addison Wesley},
  title = {El proceso unificado de desarrollo de software},
  year = {2000},
  edition   = {Second},
  isbn      = {978-8478290369},
  month     = jul,
  note      = {{ISBN}: 978-8478290369},
  ean       = {9788478290369},
  langid    = {spanish},
  language  = {english},
  pagetotal = {472},
  url       = {https://www.casadellibro.com/libro-el-proceso-unificado-de-desarrollo-de-software/9788478290369/721051},
}

@article{PUD-2,
    author = {Al Freidi, Suliman},
    year = {2015},
    month = {11},
    pages = {27-38},
    title = {A Unified Project Management Methodology (UPMM) based on PMBOK and PRINCE2 protocols: foundations, principles, structures and benefits of the integrated approach},
    volume = {2},
    journal = {International Journal of Business Policy and Strategy Management},
    doi = {10.21742/ijbpsm.2015.2.03}
}

@misc{reporteEH2022,
    title = {Energy Harvesting System Market - Global Industry Analysis, Size, Share, Growth, Trends, Regional Outlook, and Forecast 2022 – 2030},
    howpublished  = { Recurso web: \url{https://www.precedenceresearch.com/energy-harvesting-system-market}},
    author = {Precedence Research},
    note = {Resumen de previsiones del EH 2022-2030. Accedido 10-06-2024}
}

@misc{reporteEH2021,
    title = {Energy Harvesting System Market Outlook - 2030},
    howpublished  = { Recurso web: \url{https://www.alliedmarketresearch.com/energy-harvesting-system-market-A13686}},
    author = {Nikhil M. , Eswara P.},
    note = {Resumen de previsiones del EH 2021-2030. Accedido 10-06-2024}
}

@misc{rpi-consumo1,
    title = {Raspberry Pi Typical Power Requirements},
    howpublished  = { Recurso web: \url{https://www.raspberrypi.com/documentation/computers/raspberry-pi.html#typical-power-requirements}},
    author = {Raspberry Pi Foundation},
    note = {Documentación oficial. Accedido 30-05-2024}
}

@article{ASTE20141,
title = {PV technologies performance comparison in temperate climates},
journal = {Solar Energy},
volume = {109},
pages = {1-10},
year = {2014},
issn = {0038-092X},
doi = {https://doi.org/10.1016/j.solener.2014.08.015},
url = {https://www.sciencedirect.com/science/article/pii/S0038092X14003922},
author = {Niccolò Aste and Claudio {Del Pero} and Fabrizio Leonforte},
keywords = {Thermal annealing, PV technologies comparison, Outdoor energy performances}
}

@article{CONGEDO20131,
title = {Performance measurements of monocrystalline silicon PV modules in South-eastern Italy},
journal = {Energy Conversion and Management},
volume = {68},
pages = {1-10},
year = {2013},
issn = {0196-8904},
doi = {https://doi.org/10.1016/j.enconman.2012.12.017},
url = {https://www.sciencedirect.com/science/article/pii/S0196890413000022},
author = {P.M. Congedo and M. Malvoni and M. Mele and M.G. {De Giorgi}},
keywords = {Photovoltaics, South-eastern Italy, PV efficiency, Performance ratio, Final yield}
}

@INPROCEEDINGS{tecnicasEH,

  author={Garg, Neha and Garg, Ritu},
  booktitle={2017 International Conference on Intelligent Sustainable Systems (ICISS)}, 
  title={Energy harvesting in IoT devices: A survey}, 
  year={2017},
  volume={},
  number={},
  pages={127-131},
  doi={10.1109/ISS1.2017.8389371}
}

@misc{calculadoraSolar,
    title = { PHOTOVOLTAIC GEOGRAPHICAL INFORMATION SYSTEM (PVGIS)},
    howpublished  = { Recurso web: \url{https://re.jrc.ec.europa.eu/pvg\_tools/en/tools.html#PVP}},
    author = {European Commision},
    note = {Calculadora solar por ubicación. Accedido 30-05-2024}
}

@misc{panel-doc,
    title = {PiJuice Solar Panel - 12 Watt — Pi Supply},
    howpublished  = { Recurso web: \url{https://uk.pi-supply.com/products/pijuice-solar-panel-12-watt}},
    author = {PiSupply Company},
    note = {Página de compra con especificaciones técnicas. Accedido 30-03-2024}
}

@misc{alternativasPijuice,
    title = {PiJuice Alternative - Robot Parts - RobotShop Community},
    howpublished  = { Recurso web: \url{https://community.robotshop.com/forum/t/pijuice-alternative/81169}},
    author = {RobotShop Community},
    note = {Alternativas al PiJuice \ac{HAT}. Accedido 10-04-2024}
}
@misc{webAlternativaPijuice,
    title = {Uninterruptible Power Supply UPS HAT For Raspberry Pi, Stable 5V Power Output},
    howpublished  = { Recurso web: \url{https://www.waveshare.com/ups-hat.htm}},
    author = {Waveshare \ac{HAT} - Página Web de compra},
    note = {Página de compra de alternativa al PiJuice HAT. Accedido 10-04-2024}
}

@misc{electron,
    title = {What Is An Electron - Universe Today},
    howpublished  = { Recurso web: \url{https://www.universetoday.com/73323/what-is-an-electron/}},
    author = {Jerry Coffey},
    note = {Explicación del electrón. Accedido 10-05-2024}
}

@misc{explicacionElectricidad,
    title = {Voltaje, Corriente, Resistencia, y Ley de Ohm},
    howpublished  = { Recurso web: \url{https://cursos.mcielectronics.cl/2019/06/18/voltaje-corriente-resistencia-y-ley-de-ohm/}},
    author = {MCI Capacitación},
    note = {Explicación de la electricidad. Accedido 10-05-2024}
}

@misc{kingstonSD,
    title = {Kingston Canvas Select Plus Datasheet},
    howpublished  = { Recurso web: \url{http://www1.futureelectronics.com/doc/Kingston/SDCS2\_16-512GBCOMPLETEDATASHEET.pdf}},
    author = {Kingston},
    note = {Documentación tarjeta microSD. Archivo PDF. Accedido 15-05-2024}
}

@misc{consumoCamara,
    title = {OV5647 Datasheet},
    howpublished  = { Recurso web: \url{https://www.ccm99.com/app/discuz.php?mod=act&tid=1793&aid=1441}},
    author = {Omnivision},
    note = {Documentación de la cámara. Archivo PDF. Accedido 15-05-2024}
}

@misc{pythonDoc,
    title = {Python Documentation},
    howpublished  = { Recurso web: \url{https://docs.python.org/3/}},
    author = {Python Community},
    note = {Documentación Oficial. Accedido 18-05-2024}
}

@misc{vscodeDownload,
    title = {Visual Studio Code Download Page},
    howpublished  = { Recurso web: \url{https://code.visualstudio.com/download}},
    author = {Microsoft},
    note = {Página web de descarga. Accedido 18-05-2024}
}

@misc{consumosWiFi,
    title = {BCM43455-Broadcom.pdf},
    howpublished  = { Recurso web: \url{https://datasheetspdf.com/pdf-file/1197628/Broadcom/BCM43455/1}},
    author = {Broadcom Corporation},
    note = {Documentación Módulo WiFi. Archivo PDF. Accedido 14-05-2024}
}

@misc{consumosLoRa,
    title = {Pycom\_002\_Specsheets\_LoPy4\_v2.pdf},
    howpublished  = { Recurso web: \url{https://cdn.sparkfun.com/assets/e/b/2/9/0/lopy4-specsheet.pdf}},
    author = {Pycom},
    note = {Documentación Módulo LoRA. Archivo PDF. Accedido 14-05-2024}
}

@misc{consumos4G,
    title = {Telit LE910CX HW Design Datasheet},
    howpublished  = { Recurso web: \url{http://www.artbrno.cz/download/telit/nbiot/Telit\_LE910Cx\_Hardware\_Design\_Guide\_r13.pdf}},
    author = {Telit},
    note = {Documentación Módulo 4G. Archivo PDF. Accedido 14-05-2024}
}

@INPROCEEDINGS{4708715,
  author={Krenik, Bill},
  booktitle={2008 IEEE Asian Solid-State Circuits Conference}, 
  title={4G wireless technology: When will it happen? What does it offer?}, 
  year={2008},
  volume={},
  number={},
  pages={141-144},
  doi={10.1109/ASSCC.2008.4708715}
  }

@misc{docsPicamera,
    title = {The Picamera2 Library},
    howpublished  = { Recurso web: \url{https://datasheets.raspberrypi.com/camera/picamera2-manual.pdf}},
    author = {Raspberry Pi Ltd},
    note = {Documentación de picamera2. Archivo PDF. Accedido 20-05-2024}
}

@article{articuloSoledad,
author = {Escolar, Soledad and Chessa, Stefano and Carretero, Jesus},
year = {2013},
month = {04},
pages = {},
title = {Energy Management in Solar Cells Powered Wireless Sensor Networks for Quality of Service Optimization},
volume = {18},
journal = {Personal and Ubiquitous Computing},
doi = {10.1007/s00779-013-0663-1}
}

@misc{configRTC_1,
    title = {Set RTC of PiJuice with Raspberry Pi3 - Issue \#182},
    howpublished  = { Recurso web: \url{https://github.com/PiSupply/PiJuice/issues/182\#issuecomment-435856359}},
    author = {Ton van Overbeek},
    note = {Registrar RTC de PiJuice HAT. Respuesta de desarrollador. Accedido 27-06-2024}
}

@misc{configRTC_2,
    title = {Administrar NTP en Linux con systemd utilizando timesyncd},
    howpublished  = { Recurso web: \url{https://protegermipc.net/2018/11/21/administrar-ntp-en-linux-con-systemd-utilizando-timesyncd/}},
    author = {Alejandro Sánchez Márquez (info@protegermipc.net)},
    note = {Manejo automático de RTC en systemd. Página Web. Accedido 27-06-2024}
}

@misc{DMM,
    title = {XDM2041 OWON - Multímetro de mesa |  LCD 4,5"; 480x320; Muestreo: 65x/s; 50nF÷50mF | TME - Elektroniikka komponentit},
    howpublished  = { Recurso web: \url{https://www.tme.eu/es/details/xdm2041/multimetros-digitales-fijos/owon/}},
    author = {TME},
    note = {Página de compra del DMM utilizado. Página Web. Accedido 30-06-2024}
}

@misc{especificacionUSB,
    title = {USB Webpage},
    howpublished  = { Recurso web: \url{https://www.usb.org/sites/default/files/usb_20_20240224.zip}},
    author = {The USB consortium},
    note = {Especificación completa USB 2.0. Accedido 10-06-2024}
}

@misc{benchmarking-concepto,
    title = {Introducción al Benchmarking},
    howpublished  = { Recurso web: \url{https://campusvirtual.uclm.es/pluginfile.php/597556/mod_resource/content/0/HPC2020_SESSION0X%20-%20Benchmarking.pdf}},
    author = {Therealdavidp - RPi engineer},
    note = {Documento PDF. Accedido 04-04-2024}
}

@misc{netlib-library,
    title = {The Netlib LIbrary},
    howpublished  = { Recurso web: \url{https://www.netlib.org}},
    author = {The Netlib Library},
    note = {Página oficial de Netlib. Accedido 04-04-2024}
}

@misc{dhrystone-code,
    title = {Dhrystone sourcecode - C version},
    howpublished  = { Recurso web: \url{https://www.netlib.org/benchmark/dhrystone.c}},
    author = {The Netlib Library Benchmarks},
    note = {Código fuente en C del benchmark Dhrystone. Accedido 04-04-2024}
}

@misc{whetstone-code,
    title = {Whetstone sourcecode - C version},
    howpublished  = { Recurso web: \url{https://www.netlib.org/benchmark/whetstone.c}},
    author = {The Netlib Library Benchmarks},
    note = {Código fuente en C del benchmark Whetstone. Accedido 04-04-2024}
}

@misc{calcprimes-referencia,
    title = {Introducción a las pruebas de primalidad},
    howpublished  = { Recurso web: \url{http://laberintos.itam.mx/introduccion-a-las-pruebas-de-primalidad/}},
    author = {Carlos Galeana Hernández},
    note = {Explicación de la primalidad. Accedido 06-04-2024}
}

@misc{calcprimes-code,
    title = {Implementación del test de primalidad de Miller-Rabin},
    howpublished  = { Recurso web: \url{https://es.wikibooks.org/wiki/Implementaci%C3%B3n_de_algoritmos_de_teor%C3%ADa_de_n%C3%BAmeros/Test_de_primalidad_de_Miller-Rabin#Referencias}},
    author = {Wikilibros},
    note = {Código fuente para el benchmark Cálculo de números primos. Accedido 06-04-2024}
}

@misc{calcpi-code,
    title = {Gauss-Legendre iterative algorithm sourcecode - Python version},
    howpublished  = { Recurso web: \url{https://gist.github.com/kenluck2001/3696618}},
    author = {Kenneth Emeka Odoh},
    note = {Código fuente en Python para el benchmark Cálculo de decimales de Pi. Accedido 07-04-2024}
}

@misc{papi-documentacion,
    title = {Papi User Guide},
    howpublished  = { Recurso web: \url{https://icl.utk.edu/projects/papi/files/documentation/PAPI_USER\_GUIDE_23.htm}},
    author = {The PAPI Foundation},
    note = {Documentación oficial de PAPI. Accedido 10-05-2024}
}

@misc{papi-stackoverflow-referencia,
    title = {Is it possible to use PAPI on a Raspberry Pi 4B with raspbian buster?},
    howpublished  = { Recurso web: \url{https://raspberrypi.stackexchange.com/questions/111641/is-it-possible-to-use-papi-on-a-raspberry-pi-4b-with-raspbian-buster}},
    author = {The PAPI Foundation},
    note = {Referencia PAPI en ARM Cortex A72. Accedido 12-05-2024}
}

@misc{papi-github-referencia,
    title = {PAPI ARMv8 Cortex A72 - GitHub},
    howpublished  = { Recurso web: \url{https://github.com/cothan/PAPI_ARMv8_Cortex_A72}},
    author = {@cothan},
    note = {Repositorio GitHub para usar PAPI en ARM Cortex A72. Accedido 12-04-2024}
}

@misc{scons-doc,
    title = {SCons: A software construction tool},
    howpublished  = { Recurso web: \url{https://scons.org/}},
    author = {SCons Community},
    note = {Página oficial del constructor software SCons. Accedido 15-01-2024}
}

@misc{datasheetA53,
    title = {Cortex A53 ARM Developer Portal},
    howpublished  = { Recurso web: \url{https://developer.arm.com/Processors/Cortex-A53}},
    author = {ARM},
    note = {Especificaciones Cortex A53. Accedido 06-04-2024}
}

@misc{arm-especificacion-arquitecturas,
    title = {Arm Cortex-A Processor Comparison Table},
    howpublished  = { Recurso web: \url{file:///home/fluctlights/Escritorio/Arm_Cortex-A_Processor_Comparison_Table.pdf}},
    author = {ARM},
    note = {Documento PDF. Accedido 06-04-2024}
}

@misc{datasheetA72,
    title = {Raspberry Pi 4 ARM Cortex-A72 processor},
    howpublished  = { Recurso web: \url{https://sandsoftwaresound.net/raspberry-pi-4-arm-cortex-a72-processor/}},
    author = {Paul J. Drongowski},
    note = {Especificaciones Cortex A72. Accedido 06-04-2024}
}

@misc{A72-gem5-pierre,
    title = {Cortex-A72 configuration for gem5},
    howpublished  = { Recurso web: \url{https://github.com/pierreay/reproduce-spectre-gem5/blob/main/gem5/ARMv8A_Cortex_A72.py}},
    author = {Pierre Ayoub},
    note = {Fichero de configuración de Cortex-A72 en gem5. Accedido 06-04-2024}
}

@misc{dvfs-raspi,
    title = {Frequency management for Raspberry Pi},
    howpublished  = { Recurso web: \url{https://github.com/raspberrypi/documentation/blob/develop/documentation/asciidoc/computers/raspberry-pi/frequency-management.adoc
}},
    author = {Raspberry Pi Foudation},
    note = {Uso de DVFS en la Raspberry Pi 4. Accedido 16-02-2024}
}

@misc{networkmanager,
    title = {What is NetworkManager},
    howpublished  = { Recurso web: \url{https://ubuntu.com/core/docs/networkmanager#:~:text=NetworkManager%20is%20a%20system%20network,variety%20of%20different%20VPN%20services.
}},
    author = {Ubuntu},
    note = {Explicación servicio NetworkManager. Accedido 24-02-2024}
}

@article{10.1109/MM.2006.82,
    author = {Binkert, Nathan L. and Dreslinski, Ronald G. and Hsu, Lisa R. and Lim, Kevin T. and Saidi, Ali G. and Reinhardt, Steven K.},
    title = {The M5 Simulator: Modeling Networked Systems},
    year = {2006},
    issue_date = {July 2006},
    publisher = {IEEE Computer Society Press},
    address = {Washington, DC, USA},
    volume = {26},
    number = {4},
    issn = {0272-1732},
    url = {https://doi.org/10.1109/MM.2006.82},
    doi = {10.1109/MM.2006.82},
    abstract = {Developed specifically to enable research in TCP/IP networking, the M5 simulator provides features necessary for simulating networked hosts, including full-system capability, a detailed I/O subsystem, and the ability to simulate multiple networked systems deterministically. M5's usefulness as a general-purpose architecture simulator and its liberal open-source license have led to its adoption by several academic and commercial groups.},
    journal = {IEEE Micro},
    month = jul,
    pages = {52–60},
    numpages = {9},
    keywords = {M5, TCP/IP, network I/O, networked systems}
}

@article{PHILLIPS1979225,
    title = {GEMS: A generalized manufacturing simulator},
    journal = {Computers And Industrial Engineering},
    volume = {3},
    number = {3},
    pages = {225-233},
    year = {1979},
    issn = {0360-8352},
    doi = {https://doi.org/10.1016/0360-8352(79)90016-0},
    url = {https://www.sciencedirect.com/science/article/pii/0360835279900160},
    author = {Don T. Phillips and Mike Handwerker and Gary L. Hogg},
    abstract = {The purpose of this paper is to describe a Generalized Manufacturing Simulator (GEMS) which can be used in the analysis of complex discrete part manufacturing systems. GEMS is a FORTRAN based analysis program which has been developed to study assembly line or job shop manufacturing environments. However, the current capabilities of GEMS enable a user to model a wide range of industrial, social, and operational problems. Conceptualization of manufacturing environments to the GEMS program is executed via a box/node arc network representation of the manufacturing system. GEMS is an activity-on box (node) simulation program composed of standardized simulation input via specialized boxes and arcs. A box (node)/arc structure can be developed to represent complex material flow patterns, probabilistics branching, routing based on attribute values, resource constraints, cost considerations, and complex queueing characteristics. GEMS can be used to study product flow rates, manufacturing capabilities, and queueing phenomena; assess in-process inventories and raw material storage requirements; determine the effects of alternate sequencing and scheduling rules; different routing and material handling schemes; and the impact of limited resources and increased/decreased production rates. An analysis package has been constructed which normally requires only a representation of the simulated system in terms of a network diagram, and transmission of this diagram to the GEMS program structure through FORTRAN NAMELIST data inputs.}
}

@misc{qemu-simulator,
    title = {qEMU - A generic and open source machine emulator and virtualizer},
    howpublished  = { Recurso web: \url{https://www.gem5.org/}},
    author = {ARM},
    note = {Página oficial del virtualizador qEMU. Accedido 03-02-2024}
}

@misc{gem5-simulator,
    title = {The gem5 simulator system },
    howpublished  = { Recurso web: \url{https://www.gem5.org/}},
    author = {GEM5 Community},
    note = {Página oficial del simulador GEM5. Accedido 15-02-2024}
}

@misc{gem5-derivo3cpu,
    title = {gem5's DerivO3CPU model},
    howpublished  = { Recurso web: \url{https://github.com/cirosantilli/linux-kernel-module-cheat/tree/master?tab=readme-ov-file#gem5-derivo3cpu}},
    author = {Ciro Santilli},
    note = {Explicación del modelo DerivO3CPU de gem5. Accedido 15-02-2024}
}

@misc{gem5-ticks-referencia1,
    title = {Understanding gem5 statistics and output},
    howpublished  = { Recurso web: \url{https://course.ece.cmu.edu/~ece740/gem5/part1/gem5_stats.html
}},
    author = {Jason Lowe-Power},
    note = {Learning gem5 by Jason Lowe-Power. Accedido 20-12-2024}
}

@misc{gem5-ticks-referencia2,
    title = {Relationship between numcycles and simticks},
    howpublished  = { Recurso web: \url{https://gem5-users.gem5.narkive.com/ygvm91NA/relationship-between-numcycles-and-sim-ticks
}},
    author = {Mahmood Naderan},
    note = {Foro Gem5 oficial. Accedido 02-01-2024}
}



@misc{arm-fastmodels,
    title = {ARM Fast Models},
    howpublished  = { Recurso web: \url{https://developer.arm.com/Tools%20and%20Software/Fast%20Models}},
    author = {ARM},
    note = {Página oficial del simulador ARM Fast Models. Accedido 20-02-2024}
}

@misc{perf-referencia,
    title = {Perf Wiki},
    howpublished  = { Recurso web: \url{https://perf.wiki.kernel.org/index.php/Main_Page#perf:_Linux_profiling_with_performance_counters}},
    author = {Ian Rogers},
    note = {Wiki de perf para el kernel de Linux. Accedido 20-02-2024}
}

@misc{bsc-riscv,
    title = {BSC Performance Tools - RISCV HWC Interface},
    howpublished  = { Recurso web: \url{https://github.com/bsc-performance-tools/riscv-hwc-interface}},
    author = {@cothan},
    note = {Repositorio para utilizar PAPI en arquitecturas RISC-V. Accedido 19-07-2024}
}

@misc{m5ops-documentacion,
    title = {The m5ops},
    howpublished  = { Recurso web: \url{https://www.gem5.org/documentation/general_docs/m5ops/}},
    author = {GEM5 Community},
    note = {Documentación sobre m5ops. Accedido 27-04-2024}
}

@misc{m5ops-documentacion2,
    title = {M5 and M5OPS utility README file},
    howpublished  = { Recurso web: \url{https://github.com/gem5/gem5/blob/stable/util/m5/README.md}},
    author = {GEM5 Community},
    note = {Documentación sobre m5ops. Accedido 29-04-2024}
}

@misc{build-arm-kernel,
    title = {Building ARM Kernel},
    howpublished  = { Recurso web: \url{https://www.gem5.org/documentation/general_docs/fullsystem/building_arm_kernel}},
    author = {GEM5 Community},
    note = {Compilación del kernel de ARM. Accedido 10-04-2024}
}

@misc{arm-linux-kernel-gem5,
    title = {Linux kernel configurations for gem5},
    howpublished  = { Recurso web: \url{https://gem5.googlesource.com/public/gem5-resources/+/refs/heads/stable/src/linux-kernel}},
    author = {GEM5 Community},
    note = {Configuraciones del kernel de Linux para gem5. Accedido 12-04-2024}
}

@inproceedings{soton418538,
       booktitle = {2018 IEEE International Symposium on Performance Analysis of Systems and Software (02/04/18 - 04/04/18)},
           month = {April},
           title = {Hardware-validated CPU performance and energy modelling},
          author = {Matthew Walker and Sascha Bischoff and Stephan Diestelhorst and Geoff Merrett and Bashir Al-Hashimi},
            year = {2018},
             url = {https://eprints.soton.ac.uk/418538/},
        abstract = {Full-system simulation frameworks such as gem5 are used extensively to evaluate research ideas and for design-space exploration. Moreover, energy-efficiency has become the key design constraint in recent years and many works use a separate power modelling framework to evaluate energy consumption. While such tools are convenient and flexible, they are known to contain sources of error which are often not fully understood and potentially impact the conclusions drawn from investigations. This work enables accurate, hardware-validated performance, power, and energy modelling of CPUs by first presenting a methodology to evaluate and identify sources of error in CPU performance models, and secondly developing empirical power models optimised for use with such performance models. Hierarchical clustering, correlation analysis, and regression techniques are used to identify sources of error without requiring detailed CPU specifications and enable existing models to be improved, new models to be developed, validation of simulator changes, and testing of model suitability for specific use-cases. Furthermore, the GemStone open-source software tool is presented, which automates the process of characterising hardware platforms, identifying sources of error in gem5 models, applying power analysis, and quantifying the effect of errors on the performance, power, and energy estimations. In addition, the mean percentage error in execution time was found to swing from ?51\% to +10\% between two versions of the same gem5 model, underlining the need for an automated tool to validate models against reference hardware, ensuring accuracy and consistency.}
}

@article{soton393728,
          volume = {36},
          number = {1},
           month = {January},
          author = {Matthew Walker and Stephan Diestelhorst and Andreas Hansson and Anup Das and Sheng Yang and Bashir M. Al-Hashimi and Geoff V. Merrett},
           title = {Accurate and stable run-time power modeling for mobile and embedded CPUs},
         journal = {IEEE Transactions on Computer-Aided Design of Integrated Circuits and Systems},
           pages = {106--119},
            year = {2017},
        keywords = {power modeling and estimation, embedded systems, performance monitoring counters, PMC event selection},
             url = {https://eprints.soton.ac.uk/393728/},
        abstract = {Modern mobile and embedded devices are required to be increasingly energy-efficient while running more sophisticated tasks, causing the CPU design to become more complex and employ more energy-saving techniques. This has created a greater need for fast and accurate power estimation frameworks for both run-time CPU energy management and design-space exploration. We present a statistically rigorous and novel methodology for building accurate run-time power models using Performance Monitoring Counters (PMCs) for mobile and embedded devices, and demonstrate how our models make more efficient use of limited training data and better adapt to unseen scenarios by uniquely considering stability. Our robust model formulation reduces multicollinearity, allows separation of static and dynamic power, and allows a 100{$\times$} reduction in experiment time while sacrificing only 0.6\% accuracy. We present a statistically detailed evaluation of our model, highlighting and addressing the problem of heteroscedasticity in power modeling. We present software implementing our methodology and build power models for ARM Cortex-A7 and Cortex-A15 CPUs, with 3.8\% and 2.8\% average error, respectively. We model the behavior of the non- ideal CPU voltage regulator under dynamic CPU activity to improve modeling accuracy by up to 5.5\% in situations where the voltage cannot be measured. To address the lack of research utilizing PMC data from real mobile devices, we also present our data acquisition method and experimental platform software. We support this work with online resources including software tools, documentation, raw data and further results.}
}

@misc{conceptoMedia,
    title = {¿Cuál es la diferencia entre media, mediana, y promedio?},
    howpublished  = { Recurso web: \url{https://www.productminds.io/blog-post/cual-es-la-diferencia-entre-media-mediana-y-el-promedio}},
    author = {Martina Zuran},
    note = {Concepto de la media aritmética y ponderada. Accedido 29-05-2024}
}

@misc{conceptoDesviacion,
    title = {Desviación Típica},
    howpublished  = { Recurso web: \url{https://www.sdelsol.com/glosario/desviacion-tipica/}},
    author = {TeamSystem},
    note = {Concepto de la Desviación Típica. Accedido 29-05-2024}
}

@misc{conceptoDesviacion2,
    title = {Concepto de Desviación Típica},
    howpublished  = { Recurso web: \url{https://www.rankia.com/diccionario/economia/desviacion-tipica}},
    author = {Guillermo Westreicher},
    note = {Fórmula de la Desviación Típica. Accedido 29-05-2024}
}

@misc{precio-licencias-arm,
    title = {ARM Business Model},
    howpublished  = { Recurso web: \url{https://www.strategyzer.com/library/arm-business-model}},
    author = {Strategizer},
    note = {Precio de las licencias de ARM. Accedido 25-05-2024}
}

@misc{arm-foto,
    title = {Todo lo que necesitas saber sobre los procesadores ARMl},
    howpublished  = { Recurso web: \url{https://hardzone.es/tutoriales/componentes/procesador-arm/
}},
    author = {HardZone},
    note = {Información sobre los procesadores ARM. Accedido 17-04-2024}
}

@misc{arm-a,
    title = {A-Profile Architecture},
    howpublished  = { Recurso web: \url{https://developer.arm.com/Architectures/A-Profile%20Architecture
}},
    author = {ARM},
    note = {Referencia técnica de las ISA Cortex-A. Accedido 15-01-2024}
}

@misc{referencia-a72,
    title = {ARM Cortex-A72 MPCore Processor Technical Reference Manual},
    howpublished  = { Recurso web: \url{https://developer.arm.com/documentation/100095/0003/?lang=en
}},
    author = {ARM},
    note = {Referencia técnica del ARM Cortex-A72. Accedido 12-03-2024}
}

@misc{frecuencia,
    title = {¿Qué es la velocidad de reloj?},
    howpublished  = { Recurso web: \url{https://www.intel.la/content/www/xl/es/gaming/resources/cpu-clock-speed.html}},
    author = {Intel},
    note = {Concepto de frecuencia. Accedido 15-02-2024}
}

@misc{spec2006,
    title = {SPEC CPU 2006 (Retired: January 2018)},
    howpublished  = { Recurso web: \url{https://www.spec.org/cpu2006/}},
    author = {SPEC},
    note = {Suite SPEC 2006. Accedido 31-01-2024}
}

@misc{spec2017,
    title = {SPEC CPU 2017},
    howpublished  = { Recurso web: \url{https://www.spec.org/cpu2017/}},
    author = {SPEC},
    note = {Suite SPEC 2017. Accedido 31-01-2024}
}

@misc{arm-rsk,
    title = {ARM Researck Starter Kit},
    howpublished  = { Recurso web: \url{ https://github.com/arm-university/arm-gem5-rsk
}},
    author = {ARM},
    note = {Repositorio GitHub con el RSK. Accedido 03-02-2024}
}

@misc{gem5-cache,
    title = {Classic Caches},
    howpublished  = { Recurso web: \url{https://www.gem5.org/documentation/general_docs/memory_system/classic_caches/
}},
    author = {Gem5},
    note = {Características por defecto de las cachés en Gem5. Accedido 15-09-2024}
}

@misc{referencia-tiempos-whetstone,
    title = {LINPACK vs. Whetstone benchmark discrepancies},
    howpublished  = { Recurso web: \url{https://www.mersenneforum.org/node/14629}},
    author = {Gem5},
    note = {Problemas del benchmark Whetstone. Accedido 20-09-2024}
}

@misc{pinout,
    title = {Raspberry Pi Pinout},
    howpublished  = { Recurso web: \url{https://es.pinout.xyz/#}},
    author = {@PiPinout},
    note = {Pinout de Raspberry Pi Accedido 10-12-2023}
}

@misc{schematics-rpi,
    title = {Raspberry Pi Reduced Schematics},
    howpublished  = { Recurso web: \url{https://datasheets.raspberrypi.com/rpi4/raspberry-pi-4-reduced-schematics.pdf}},
    author = {Raspberry Pi},
    note = {Esquemáticos reducidos de Raspberry Pi. Accedido 10-12-2023}
}

@misc{objetivos,
    title = {Competencias del Máster - Escuela Superior de Informática de UCLM},
    howpublished  = { Recurso web: \url{https://www.uclm.es/estudios/masteres/master-ingenieria-informatica%202024}},
    author = {Universidad de Castilla-La Mancha},
    note = {Competencias relativas al TFM. Accedido 28-09-2024}
}

@misc{funcionamiento-dmm,
    title = {¿Qué es un multímetro digital y cómo funciona?},
    howpublished  = { Recurso web: \url{https://es.linkedin.com/pulse/qu%C3%A9-es-un-mult%C3%ADmetro-digital-y-c%C3%B3mo-funciona-hunter-american-tools-rt2me?trk=public_post}},
    author = {Hunter American Tools},
    note = {Funcionamiento de un DMM. Accedido 10-07-2024}
}

@misc{documentacionDMM,
    title = {Especificaciones Técnicas del OWON XDM2041},
    howpublished  = { Recurso web: \url{https://files.owon.com.cn/specifications/XDM2041\%20Digital\%20Multimeter\%20SPECIFICATIONS.pdf}},
    author = {OWON HK Limited},
    note = {Documentación DMM. Accedido 22-07-2024}
}

@misc{documentacionDMM-alt,
    title = {Manual de usuario del Velleman DVM1200},
    howpublished  = { Recurso web: \url{https://www.manualslib.com/manual/1116233/Velleman-Dvm1200.html#manual}},
    author = {ManualsLib},
    note = {Documentación del DMM utilizado. Accedido 01-09-2024}
}

@misc{dmm-alternativo,
    title = {Multímetro USB de 6000 cuentas Velleman DVM1200},
    howpublished  = { Recurso web: \url{https://www.velleman.eu/products/view/?lang=es&id=372236}},
    author = {Velleman Europe},
    note = {Página oficial del DMM utilizado. Accedido 01-09-2024}
}

@misc{dmm-github-repo,
    title = {Velleman DVM1200 interface for *NIX},
    howpublished  = { Recurso web: \url{https://github.com/lhondareyte/dvm1200}},
    author = {Luc Hondareyte},
    note = {Código para utilizar el DMM. Accedido 03-09-2024}
}

